<record><leader>00000cas a22000007a 4500</leader><controlfield tag="001">8807197</controlfield><controlfield tag="008">820925d18341836gaucr ne      0    0eng  </controlfield><controlfield tag="009">466</controlfield><datafield ind1=" " ind2=" " tag="010"><subfield code="a">sn 82014668 </subfield></datafield><datafield ind1=" " ind2=" " tag="040"><subfield code="a">DLC</subfield><subfield code="b">eng</subfield><subfield code="c">DLC</subfield><subfield code="d">NPX</subfield><subfield code="d">PPM</subfield><subfield code="d">DLC</subfield><subfield code="d">NLG</subfield><subfield code="d">GUA</subfield><subfield code="d">OCLCO</subfield><subfield code="d">OCLCF</subfield></datafield><datafield ind1="1" ind2=" " tag="029"><subfield code="a">AU@</subfield><subfield code="b">000020412549</subfield></datafield><datafield ind1=" " ind2=" " tag="042"><subfield code="a">msc</subfield></datafield><datafield ind1=" " ind2=" " tag="043"><subfield code="a">n-us-ga</subfield></datafield><datafield ind1="0" ind2="0" tag="050"><subfield code="a">Newspaper 7488-X</subfield></datafield><datafield ind1="0" ind2="0" tag="245"><subfield code="a">State rights' sentinel.</subfield></datafield><datafield ind1=" " ind2=" " tag="260"><subfield code="a">Augusta, Ga. :</subfield><subfield code="b">A.B. Longstreet,</subfield><subfield code="c">[1834-1836]</subfield></datafield><datafield ind1=" " ind2=" " tag="300"><subfield code="a">v. ;</subfield><subfield code="c">68 cm.</subfield></datafield><datafield ind1=" " ind2=" " tag="310"><subfield code="a">Semiweekly</subfield></datafield><datafield ind1="0" ind2=" " tag="362"><subfield code="a">Vol. 1, no. 1 (Jan. 9, 1834)-v. 3, no. 104 (Dec. 28, 1836).</subfield></datafield><datafield ind1=" " ind2=" " tag="580"><subfield code="a">Merged with: Augusta chronicle (Augusta, Ga. : 1831), to form: Daily chronicle &amp; sentinel.</subfield></datafield><datafield ind1=" " ind2="0" tag="651"><subfield code="a">Augusta (Ga.)</subfield><subfield code="v">Newspapers.</subfield></datafield><datafield ind1=" " ind2="0" tag="651"><subfield code="a">Richmond County (Ga.)</subfield><subfield code="v">Newspapers.</subfield></datafield><datafield ind1=" " ind2="7" tag="655"><subfield code="a">Newspapers.</subfield><subfield code="2">fast</subfield><subfield code="0">(OCoLC)fst01423814</subfield></datafield><datafield ind1=" " ind2="7" tag="651"><subfield code="a">Georgia</subfield><subfield code="z">Augusta.</subfield><subfield code="2">fast</subfield><subfield code="0">(OCoLC)fst01206406</subfield></datafield><datafield ind1=" " ind2="7" tag="651"><subfield code="a">Georgia</subfield><subfield code="z">Richmond County.</subfield><subfield code="2">fast</subfield><subfield code="0">(OCoLC)fst01215116</subfield></datafield><datafield ind1=" " ind2=" " tag="752"><subfield code="a">United States</subfield><subfield code="b">Georgia</subfield><subfield code="c">Richmond</subfield><subfield code="d">Augusta.</subfield></datafield><datafield ind1="0" ind2=" " tag="775"><subfield code="t">Weekly state rights' sentinel</subfield><subfield code="w">(DLC)sn 88054026</subfield><subfield code="w">(OCoLC)18288968</subfield></datafield><datafield ind1="1" ind2="7" tag="785"><subfield code="t">Augusta chronicle (Augusta, Ga. : 1831)</subfield><subfield code="w">(DLC)sn 82014208</subfield><subfield code="w">(OCoLC)8777252</subfield></datafield><datafield ind1="1" ind2="7" tag="785"><subfield code="t">Daily chronicle &amp; sentinel</subfield><subfield code="w">(DLC)sn 82015215</subfield><subfield code="w">(OCoLC)8807987</subfield></datafield></record>